
@proceedings{DBLP:conf/sfp/2005,
  editor    = {Marko C. J. D. van Eekelen},
  title     = {Revised Selected Papers from the Sixth Symposium on Trends
               in Functional Programming, TFP 2005, Tallinn, Estonia, 23-24
               September 2005},
  booktitle = {Trends in Functional Programming},
  publisher = {Intellect},
  series    = {Trends in Functional Programming},
  volume    = {6},
  year      = {2007},
  bibsource = {DBLP, http://dblp.uni-trier.de}
}
@inproceedings{DBLP:conf/sfp/ChapmanAM05,
  author    = {James Chapman and
               Thorsten Altenkirch and
               Conor McBride},
  title     = {Epigram reloaded: a standalone typechecker for {ETT}},
  booktitle = {Trends in Functional Programming},
  year      = {2005},
  pages     = {79-94},
  crossref  = {DBLP:conf/sfp/2005},
  bibsource = {DBLP, http://dblp.uni-trier.de}
}


@article{DBLP:journals/mscs/LuoA08,
  author    = {Zhaohui Luo and
               Robin Adams},
  title     = {Structural subtyping for inductive types with functorial
               equality rules},
  journal   = {Mathematical Structures in Computer Science},
  volume    = {18},
  number    = {5},
  year      = {2008},
  pages     = {931-972},
  bibsource = {DBLP, http://dblp.uni-trier.de}
}

@INPROCEEDINGS{Palmgren:universes,
  AUTHOR = {Erik Palmgren},
  TITLE = {On {U}niverses in {T}ype {T}heory},
  BOOKTITLE = {Twenty Five Years of Constructive Type Theory},
  EDITOR = {G. Sambin and J. Smith},
  YEAR = 1998,
  PUBLISHER = {Oxford Univ. Press}
}

@inproceedings{DBLP:conf/tlca/DybjerS99,
  author    = {Peter Dybjer and
               Anton Setzer},
  title     = {A Finite Axiomatization of Inductive-Recursive Definitions},
  booktitle = {TLCA},
  year      = {1999},
  pages     = {129-146},
  crossref  = {DBLP:conf/tlca/1999},
  bibsource = {DBLP, http://dblp.uni-trier.de}
}

@proceedings{DBLP:conf/tlca/1999,
  editor    = {Jean-Yves Girard},
  title     = {Typed Lambda Calculi and Applications, 4th International
               Conference, TLCA'99, L'Aquila, Italy, April 7-9, 1999, Proceedings},
  booktitle = {TLCA},
  publisher = {Springer},
  series    = {Lecture Notes in Computer Science},
  volume    = {1581},
  year      = {1999},
  bibsource = {DBLP, http://dblp.uni-trier.de}
}

@inproceedings{DBLP:conf/tldi/LammelJ03,
  author    = {Ralf L{\"a}mmel and
               Simon L. Peyton Jones},
  title     = {Scrap your boilerplate: a practical design pattern for generic
               programming},
  booktitle = {TLDI},
  year      = {2003},
  pages     = {26-37},
  crossref  = {DBLP:conf/tldi/2003},
  bibsource = {DBLP, http://dblp.uni-trier.de}
}

@proceedings{DBLP:conf/tldi/2003,
  editor    = {Zhong Shao and
               Peter Lee},
  title     = {Proceedings of TLDI'03: 2003 ACM SIGPLAN International Workshop
               on Types in Languages Design and Implementation, New Orleans,
               Louisiana, USA, January 18, 2003},
  booktitle = {TLDI},
  publisher = {ACM},
  year      = {2003},
  isbn      = {1-58113-649-8},
  bibsource = {DBLP, http://dblp.uni-trier.de}
}

@inproceedings{DBLP:conf/types/WatkinsCPW03,
  author    = {Kevin Watkins and
               Iliano Cervesato and
               Frank Pfenning and
               David Walker},
  title     = {A Concurrent Logical Framework: The Propositional Fragment},
  booktitle = {TYPES},
  year      = {2003},
  pages     = {355-377},
  crossref  = {DBLP:conf/types/2003},
  bibsource = {DBLP, http://dblp.uni-trier.de}
}

@proceedings{DBLP:conf/types/2003,
  editor    = {Stefano Berardi and
               Mario Coppo and
               Ferruccio Damiani},
  title     = {Types for Proofs and Programs, International Workshop, TYPES
               2003, Torino, Italy, April 30 - May 4, 2003, Revised Selected
               Papers},
  booktitle = {TYPES},
  publisher = {Springer},
  series    = {Lecture Notes in Computer Science},
  volume    = {3085},
  year      = {2004},
  bibsource = {DBLP, http://dblp.uni-trier.de}
}

@inproceedings{DBLP:conf/csr/BarralS06,
  author    = {Freiric Barral and
               Sergei Soloviev},
  title     = {Inductive Type Schemas as Functors},
  booktitle = {CSR},
  year      = {2006},
  pages     = {35-45},
  crossref  = {DBLP:conf/csr/2006},
  bibsource = {DBLP, http://dblp.uni-trier.de}
}

@proceedings{DBLP:conf/csr/2006,
  editor    = {Dima Grigoriev and
               John Harrison and
               Edward A. Hirsch},
  title     = {Computer Science - Theory and Applications, First International
               Computer Science Symposium in Russia, CSR 2006, St. Petersburg,
               Russia, June 8-12, 2006, Proceedings},
  booktitle = {CSR},
  publisher = {Springer},
  series    = {Lecture Notes in Computer Science},
  volume    = {3967},
  year      = {2006},
  bibsource = {DBLP, http://dblp.uni-trier.de}
}

@inproceedings{DBLP:conf/csl/AltenkirchR99,
  author    = {Thorsten Altenkirch and
               Bernhard Reus},
  title     = {Monadic Presentations of Lambda Terms Using Generalized
               Inductive Types},
  booktitle = {CSL},
  year      = {1999},
  pages     = {453-468},
  crossref  = {DBLP:conf/csl/1999},
  bibsource = {DBLP, http://dblp.uni-trier.de}
}

@Article{deBruijn:dummies,
  author = 	 {Nicolas G. de~Bruijn},
  title = 	 "{Lambda Calculus notation with nameless dummies: a tool for automatic formula manipulation}",
  journal = 	 {Indagationes Mathematic{\ae}},
  year = 	 {1972},
  volume =	 {34},
  pages =	 {381--392},
}

@article{CoqDyb97,
    address = {New York, NY, USA},
    author = {Coquand, Thierry and Dybjer, Peter},
    issn = {0960-1295},
    journal = {Mathematical. Structures in Comp. Sci.},
    month = feb,
    pages = {75--94},
    publisher = {Cambridge University Press},
    title = {Intuitionistic model constructions and normalization proofs},
    volume = {7},
    year = {1997}
}

@Article{NbeDep1,
  title =       "Normalization by Evaluation for {M}artin-{L}{\"o}f Type
                 Theory with One Universe",
  author =      "Andreas Abel and Klaus Aehlig and Peter Dybjer",
  journal =     "Electr. Notes Theor. Comput. Sci",
  year =        "2007",
  volume =      "173",
  pages =       "17--39",
}

@InProceedings{NbeDep2,
  title =       "Normalization by Evaluation for {M}artin-{L}{\"o}f Type Theory
                 with Typed Equality Judgements",
  author =      "Andreas Abel and Thierry Coquand and Peter Dybjer",
  publisher =   "IEEE Computer Society",
  year =        "2007",
  booktitle =   "LICS",
  pages =       "3--12",
}

@phdthesis{ChapmanPhd,
  title={Type checking and normalisation},
  author={Chapman, James Maitland},
  year={2009},
  school={University of Nottingham}
}

@book{MartinLof1984,
    address = {Naples},
    author = {Martin-L\"{o}f, Per},
    publisher = {Bibliopolis},
    series = {Studies in Proof Theory},
    title = {Intuitionistic type theory},
    volume = {1},
    year = {1984}
}

@unpublished{ornament,
  author = {McBride, Conor},
  title = {Ornamental Algebras, Algebraic Ornaments},
  year = "2010"
}

@Mastersthesis{NbeEffects,
Author = {{Ahman}, Danel},
School = {University of Cambridge},
Title = {Computational effects, algebraic theories and
      normalization by evaluation},
Year = {2012},
Month = {June},
}

@InProceedings{agda,
  title =       "Dependently Typed Programming in {A}gda",
  author =      "Ulf Norell",
  publisher =   "Springer",
  year =        "2008",
  volume =      "5832",
  booktitle =   "Advanced Functional Programming",
  editor =      "Pieter W. M. Koopman and Rinus Plasmeijer and S.
                 Doaitse Swierstra",
  pages =       "230--266",
  series =      "Lecture Notes in Computer Science",
}

@InProceedings{ObsEq,
  title =       "Observational equality, now!",
  author =      "Thorsten Altenkirch and Conor McBride and Wouter
                 Swierstra",
  booktitle =   "PLPV",
  booktitle =   "Proceedings of the {ACM} Workshop Programming
                 Languages meets Program Verification, {PLPV} 2007,
                 Freiburg, Germany, October 5, 2007",
  publisher =   "ACM",
  year =        "2007",
  editor =      "Aaron Stump and Hongwei Xi",
  pages =       "57--68",
}

@Book{Girard06,
  author =      "{Jean-Yves} Girard",
  title =       "Le Point Aveugle: Cours de logique: Tome 1, Vers la
                 perfection",
  publisher =   "Hermann",
  year =        "2006",
}

@MISC{coq,
      AUTHOR = "INRIA",
      TITLE = "The Coq proof assistant",
      HOWPUBLISH = "\url{http://coq.inria.fr/}"
}


@article{Coquand02,
  author    = "{Catarina} Coquand",
  title     = {A Formalised Proof of the Soundness and Completeness of
               a Simply Typed Lambda-Calculus with Explicit Substitutions},
  journal   = {Higher-Order and Symbolic Computation},
  volume    = {15},
  number    = {1},
  year      = {2002},
  pages     = {57-90},
}

@InProceedings{BerSch91,
  author =      "Ulrich Berger and Helmut Schwichtenberg",
  title =       "An Inverse of the Evaluation Functional for Typed
                 lambda-Calculus",
  booktitle =   "LICS: IEEE Symposium on Logic in Computer Science",
  year =        "1991",
}

@InProceedings{FreeVar,
  author =      "Conor McBride and James McKinna",
  booktitle =   "Proceedings of the 2004 ACM SIGPLAN Haskell Workshop",
  address =     "New York",
  title =       "Functional pearl: {I} Am Not a Number; {I} Am a Free
                 Variable",
  ISBN =        "1-58113-850-4",
  publisher =   "ACM Press",
  pages =       "1--9",
  year =        "2004",
}

@techreport{LambList,
  author       = {Pierre Boutillier},
  title        = {Equality for lambda-terms with list primitives},
  type         = {Internship report},
  institution  = {University of Strathclyde, ENS Lyon},
  year         = 2009,
  month        = jul,
}


@ARTICLE{ElabData,
  author = {{Dagand}, Pierre-Evariste and {McBride}, Conor},
  title = "{Elaborating Inductive Definitions}",
  journal = {ArXiv e-prints},
  archivePrefix = "arXiv",
  eprint = {1210.6390},
  primaryClass = "cs.PL",
  keywords = {Computer Science - Programming Languages},
  year = 2012,
  month = oct,
}

@Mastersthesis{AgdaRefl,
Author = {{van der Walt}, Paul},
School = {Universiteit Utrecht},
Title = {Reflection in {A}gda},
Year = {2012},
}



@Misc{PigWeekNu,
  author = 	 {{McBride}, Conor},
  title = 	 {{EE-PigWeek} {4-9 Jan 2010}},
  url = {http://www.e-pig.org/epilogue/?p=306},
  howpublished = {Blog post},
  month = 	 {January},
  year = 	 2010}

@Misc{FusionMonad,
Author = {{Atkey}, Robert},
Title = {A Type Checker that knows its Monad from its Elbow},
url   = {http://bentnib.org/posts/2011-12-14-type-checker.html},
HowPublished = {Blog post},
Month = {December},
Year = {2011},
}

@Misc{AgdaPatterns,
Author = {{Andjelkovic}, Stevan and {Gundry}, Adam},
Title = {Support for pattern synonyms in {A}gda},
url   = {http://code.google.com/p/agda/issues/detail?id=495},
HowPublished = {Agda bugtracker - Feature request \#495},
Month = {March},
Year = {2012},
}

@article{gentleArtOfLevitation,
 author = {Chapman, James and Dagand, Pierre-\'{E}variste and McBride, Conor and Morris, Peter},
 title = {The gentle art of levitation},
 journal = {SIGPLAN Not.},
 issue_date = {September 2010},
 volume = {45},
 number = {9},
 month = sep,
 year = {2010},
 pages = {3--14},
 numpages = {12},
 publisher = {ACM},
 address = {New York, NY, USA},
 keywords = {data structure, metaprogramming, monads, proof assistants, type systems},
}

@incollection{NadNbeDep,
    author = {{Danielsson}, Nils Anders},
    booktitle = {Types for Proofs and Programs},
    editor = {Altenkirch, Thorsten and McBride, Conor},
    pages = {93--109},
    publisher = {Springer Berlin Heidelberg},
    series = {Lecture Notes in Computer Science},
    title = {A Formalisation of a Dependently Typed Language as an {Inductive-Recursive} Family},
    volume = {4502},
    year = {2007}
}

@article{BoyerMoore,
    address = {New York, NY, USA},
    author = {Boyer, Robert S. and Moore, J. Strother},
    journal = {J. ACM},
    month = jan,
    number = {1},
    pages = {129--144},
    publisher = {ACM},
    title = {Proving Theorems about {LISP} Functions},
    volume = {22},
    year = {1975}
}

@Techreport{ForgeAcquire,
Author = {{Allais}, Guillaume},
Institution = {University of Strathclyde},
Title = {Forge Crowbars, {A}cquire normal forms},
Year = {2012},
url  = {http://gallais.org/pdf/report2012.pdf}
}

@Misc{AgdaStdLib,
Author = {{Danielsson} Nils Anders},
Month = {November},
Title = {Agda's standard library},
Type = {Library},
URL = {http://www.cse.chalmers.se/~nad/repos/lib/},
Year = {2012},
}

@article{HeredSubst1,
    author = {Abel, Andreas},
    journal = {Journal of Functional Programming},
    number = {3-4},
    pages = {287--310},
    title = {Implementing a normalizer using sized heterogeneous types},
    volume = {19},
    year = {2009}
}

@inproceedings{HeredSubst2,
    address = {New York, NY, USA},
    author = {Keller, Chantal and Altenkirch, Thorsten},
    booktitle = {Proceedings of the third ACM SIGPLAN workshop on Mathematically structured functional programming},
    location = {Baltimore, Maryland, USA},
    pages = {3--10},
    posted-at = {2012-11-28 23:00:19},
    publisher = {ACM},
    series = {MSFP '10},
    title = {Hereditary substitutions for simple types, formalized},
    year = {2010}
}

@incollection{ConvTest,
    address = {Berlin, Heidelberg},
    author = {Abel, Andreas and {C}oquand, Thierry and {D}ybjer, Peter},
    booktitle = {Mathematics of Program Construction},
    chapter = {4},
    editor = {Audebaud, Philippe and Paulin-Mohring, Christine},
    pages = {29--56},
    publisher = {Springer Berlin / Heidelberg},
    series = {Lecture Notes in Computer Science},
    title = {Verifying a Semantic $\beta\eta$-Conversion Test for Martin-L\"{o}f Type Theory Mathematics of Program Construction},
    volume = {5133},
    year = {2008}
}

@article{ConvTestZAMed,
    address = {New York, NY, USA},
    author = {Gr\'{e}goire, Benjamin and Leroy, Xavier},
    journal = {SIGPLAN Not.},
    number = {9},
    pages = {235--246},
    publisher = {ACM},
    title = {A compiled implementation of strong reduction},
    volume = {37},
    year = {2002}
}

@incollection{TypeDirected,
    address = {Berlin, Heidelberg},
    author = {Danvy, Olivier},
    booktitle = {Partial Evaluation},
    chapter = {16},
    editor = {Hatcliff, John and Mogensen, Torben and Thiemann, Peter},
    pages = {367--411},
    publisher = {Springer Berlin / Heidelberg},
    series = {Lecture Notes in Computer Science},
    title = {Type-Directed Partial Evaluation},
    volume = {1706},
    year = {1999}
}

@incollection{Fusions,
    author = {Hinze, Ralf and Harper, Thomas and James, DanielW},
    booktitle = {Implementation and Application of Functional Languages},
    editor = {Hage, Jurriaan and Moraz\'{a}n, MarcoT},
    keywords = {haskell, map-fusion, optimizations},
    pages = {19--37},
    publisher = {Springer Berlin Heidelberg},
    series = {Lecture Notes in Computer Science},
    title = {Theory and Practice of Fusion},
    volume = {6647},
    year = {2011}
}

@incollection{Mohring1993Inductive,
    address = {Berlin},
    author = {Mohring, Christine P.},
    booktitle = {Proceedings 1st Int.\ Conf.\ on Typed Lambda Calculi and Applications, TLCA'93, Utrecht, The Netherlands, 16--18 March 1993},
    editor = {Bezem, M. and Groote, J. F.},
    pages = {328--345},
    publisher = {Springer-Verlag},
    title = {Inductive Definitions in the System Coq: Rules and Properties},
    volume = {664},
    year = {1993}
}


