@article{DBLP:journals/pacmpl/Kovacs22,
  author       = {Andr{\'{a}}s Kov{\'{a}}cs},
  title        = {Staged compilation with two-level type theory},
  journal      = {Proc. {ACM} Program. Lang.},
  volume       = {6},
  number       = {{ICFP}},
  pages        = {540--569},
  year         = {2022},
  url          = {https://doi.org/10.1145/3547641},
  doi          = {10.1145/3547641},
  timestamp    = {Mon, 28 Aug 2023 21:30:21 +0200},
  biburl       = {https://dblp.org/rec/journals/pacmpl/Kovacs22.bib},
  bibsource    = {dblp computer science bibliography, https://dblp.org}
}
@article{DBLP:journals/jfp/AllaisACMM21,
  author       = {Guillaume Allais and
                  Robert Atkey and
                  James Chapman and
                  Conor McBride and
                  James McKinna},
  title        = {A type- and scope-safe universe of syntaxes with binding: their semantics
                  and proofs},
  journal      = {J. Funct. Program.},
  volume       = {31},
  pages        = {e22},
  year         = {2021},
  url          = {https://doi.org/10.1017/S0956796820000076},
  doi          = {10.1017/S0956796820000076},
  timestamp    = {Mon, 28 Aug 2023 21:42:08 +0200},
  biburl       = {https://dblp.org/rec/journals/jfp/AllaisACMM21.bib},
  bibsource    = {dblp computer science bibliography, https://dblp.org}
}
@inproceedings{DBLP:conf/cpp/Allais0MM17,
  author       = {Guillaume Allais and
                  James Chapman and
                  Conor McBride and
                  James McKinna},
  editor       = {Yves Bertot and
                  Viktor Vafeiadis},
  title        = {Type-and-scope safe programs and their proofs},
  booktitle    = {Proceedings of the 6th {ACM} {SIGPLAN} Conference on Certified Programs
                  and Proofs, {CPP} 2017, Paris, France, January 16-17, 2017},
  pages        = {195--207},
  publisher    = {{ACM}},
  year         = {2017},
  url          = {https://doi.org/10.1145/3018610.3018613},
  doi          = {10.1145/3018610.3018613},
  timestamp    = {Fri, 27 Dec 2019 21:24:10 +0100},
  biburl       = {https://dblp.org/rec/conf/cpp/Allais0MM17.bib},
  bibsource    = {dblp computer science bibliography, https://dblp.org}
}
@inproceedings{DBLP:conf/types/FlorSS15,
  author       = {Jo{\~{a}}o Paulo Pizani Flor and
                  Wouter Swierstra and
                  Yorick Sijsling},
  editor       = {Tarmo Uustalu},
  title        = {Pi-Ware: Hardware Description and Verification in Agda},
  booktitle    = {21st International Conference on Types for Proofs and Programs, {TYPES}
                  2015, May 18-21, 2015, Tallinn, Estonia},
  series       = {LIPIcs},
  volume       = {69},
  pages        = {9:1--9:27},
  publisher    = {Schloss Dagstuhl - Leibniz-Zentrum f{\"{u}}r Informatik},
  year         = {2015},
  url          = {https://doi.org/10.4230/LIPIcs.TYPES.2015.9},
  doi          = {10.4230/LIPIcs.TYPES.2015.9},
  timestamp    = {Sat, 30 Sep 2023 09:57:59 +0200},
  biburl       = {https://dblp.org/rec/conf/types/FlorSS15.bib},
  bibsource    = {dblp computer science bibliography, https://dblp.org}
}
@inproceedings{DBLP:conf/rc/GreenLRSV13,
  author       = {Alexander S. Green and
                  Peter LeFanu Lumsdaine and
                  Neil J. Ross and
                  Peter Selinger and
                  Beno{\^{\i}}t Valiron},
  editor       = {Gerhard W. Dueck and
                  D. Michael Miller},
  title        = {An Introduction to Quantum Programming in Quipper},
  booktitle    = {Reversible Computation - 5th International Conference, {RC} 2013,
                  Victoria, BC, Canada, July 4-5, 2013. Proceedings},
  series       = {Lecture Notes in Computer Science},
  volume       = {7948},
  pages        = {110--124},
  publisher    = {Springer},
  year         = {2013},
  url          = {https://doi.org/10.1007/978-3-642-38986-3_10},
  doi          = {10.1007/978-3-642-38986-3_10},
  timestamp    = {Wed, 07 Dec 2022 23:14:01 +0100},
  biburl       = {https://dblp.org/rec/conf/rc/GreenLRSV13.bib},
  bibsource    = {dblp computer science bibliography, https://dblp.org}
}
@article{DBLP:journals/jar/BentonHKM12,
  author       = {Nick Benton and
                  Chung{-}Kil Hur and
                  Andrew Kennedy and
                  Conor McBride},
  title        = {Strongly Typed Term Representations in Coq},
  journal      = {J. Autom. Reason.},
  volume       = {49},
  number       = {2},
  pages        = {141--159},
  year         = {2012},
  url          = {https://doi.org/10.1007/s10817-011-9219-0},
  doi          = {10.1007/s10817-011-9219-0},
  timestamp    = {Wed, 02 Sep 2020 13:29:40 +0200},
  biburl       = {https://dblp.org/rec/journals/jar/BentonHKM12.bib},
  bibsource    = {dblp computer science bibliography, https://dblp.org}
}
@inproceedings{DBLP:conf/afp/Norell08,
  author       = {Ulf Norell},
  editor       = {Pieter W. M. Koopman and
                  Rinus Plasmeijer and
                  S. Doaitse Swierstra},
  title        = {Dependently Typed Programming in Agda},
  booktitle    = {Advanced Functional Programming, 6th International School, {AFP} 2008,
                  Heijen, The Netherlands, May 2008, Revised Lectures},
  series       = {Lecture Notes in Computer Science},
  volume       = {5832},
  pages        = {230--266},
  publisher    = {Springer},
  year         = {2008},
  url          = {https://doi.org/10.1007/978-3-642-04652-0_5},
  doi          = {10.1007/978-3-642-04652-0_5},
  timestamp    = {Tue, 14 May 2019 10:00:44 +0200},
  biburl       = {https://dblp.org/rec/conf/afp/Norell08.bib},
  bibsource    = {dblp computer science bibliography, https://dblp.org}
}
@article{DBLP:journals/lisp/Coquand02,
  author       = {Catarina Coquand},
  title        = {A Formalised Proof of the Soundness and Completeness of a Simply Typed
                  Lambda-Calculus with Explicit Substitutions},
  journal      = {High. Order Symb. Comput.},
  volume       = {15},
  number       = {1},
  pages        = {57--90},
  year         = {2002},
  url          = {https://doi.org/10.1023/A:1019964114625},
  doi          = {10.1023/A:1019964114625},
  timestamp    = {Thu, 05 Mar 2020 12:04:59 +0100},
  biburl       = {https://dblp.org/rec/journals/lisp/Coquand02.bib},
  bibsource    = {dblp computer science bibliography, https://dblp.org}
}
@article{DBLP:journals/mscs/CoquandD97,
  author       = {Thierry Coquand and
                  Peter Dybjer},
  title        = {Intuitionistic Model Constructions and Normalization Proofs},
  journal      = {Math. Struct. Comput. Sci.},
  volume       = {7},
  number       = {1},
  pages        = {75--94},
  year         = {1997},
  url          = {https://doi.org/10.1017/S0960129596002150},
  doi          = {10.1017/S0960129596002150},
  timestamp    = {Wed, 01 Apr 2020 08:48:47 +0200},
  biburl       = {https://dblp.org/rec/journals/mscs/CoquandD97.bib},
  bibsource    = {dblp computer science bibliography, https://dblp.org}
}
@inproceedings{DBLP:conf/ctcs/AltenkirchHS95,
  author       = {Thorsten Altenkirch and
                  Martin Hofmann and
                  Thomas Streicher},
  editor       = {David H. Pitt and
                  David E. Rydeheard and
                  Peter T. Johnstone},
  title        = {Categorical Reconstruction of a Reduction Free Normalization Proof},
  booktitle    = {Category Theory and Computer Science, 6th International Conference,
                  {CTCS} '95, Cambridge, UK, August 7-11, 1995, Proceedings},
  series       = {Lecture Notes in Computer Science},
  volume       = {953},
  pages        = {182--199},
  publisher    = {Springer},
  year         = {1995},
  url          = {https://doi.org/10.1007/3-540-60164-3_27},
  doi          = {10.1007/3-540-60164-3_27},
  timestamp    = {Tue, 14 May 2019 10:00:48 +0200},
  biburl       = {https://dblp.org/rec/conf/ctcs/AltenkirchHS95.bib},
  bibsource    = {dblp computer science bibliography, https://dblp.org}
}
@article{DBLP:journals/fac/Dybjer94,
  author       = {Peter Dybjer},
  title        = {Inductive Families},
  journal      = {Formal Aspects Comput.},
  volume       = {6},
  number       = {4},
  pages        = {440--465},
  year         = {1994},
  url          = {https://doi.org/10.1007/BF01211308},
  doi          = {10.1007/BF01211308},
  timestamp    = {Mon, 09 May 2022 16:20:12 +0200},
  biburl       = {https://dblp.org/rec/journals/fac/Dybjer94.bib},
  bibsource    = {dblp computer science bibliography, https://dblp.org}
}
@article{DBLP:journals/apal/MitchellM91,
  author       = {John C. Mitchell and
                  Eugenio Moggi},
  title        = {Kripke-Style Models for Typed lambda Calculus},
  journal      = {Ann. Pure Appl. Log.},
  volume       = {51},
  number       = {1-2},
  pages        = {99--124},
  year         = {1991},
  url          = {https://doi.org/10.1016/0168-0072(91)90067-V},
  doi          = {10.1016/0168-0072(91)90067-V},
  timestamp    = {Fri, 21 Feb 2020 21:18:34 +0100},
  biburl       = {https://dblp.org/rec/journals/apal/MitchellM91.bib},
  bibsource    = {dblp computer science bibliography, https://dblp.org}
}
@inproceedings{DBLP:conf/lics/BergerS91,
  author       = {Ulrich Berger and
                  Helmut Schwichtenberg},
  title        = {An Inverse of the Evaluation Functional for Typed lambda-calculus},
  booktitle    = {Proceedings of the Sixth Annual Symposium on Logic in Computer Science
                  {(LICS} '91), Amsterdam, The Netherlands, July 15-18, 1991},
  pages        = {203--211},
  publisher    = {{IEEE} Computer Society},
  year         = {1991},
  url          = {https://doi.org/10.1109/LICS.1991.151645},
  doi          = {10.1109/LICS.1991.151645},
  timestamp    = {Fri, 24 Mar 2023 00:01:49 +0100},
  biburl       = {https://dblp.org/rec/conf/lics/BergerS91.bib},
  bibsource    = {dblp computer science bibliography, https://dblp.org}
}
@book{DBLP:books/daglib/0000395,
  author       = {Per Martin{-}L{\"{o}}f},
  title        = {Intuitionistic type theory},
  series       = {Studies in proof theory},
  volume       = {1},
  publisher    = {Bibliopolis},
  year         = {1984},
  isbn         = {978-88-7088-228-5},
  timestamp    = {Thu, 19 Sep 2019 11:29:54 +0200},
  biburl       = {https://dblp.org/rec/books/daglib/0000395.bib},
  bibsource    = {dblp computer science bibliography, https://dblp.org}
}
@inproceedings{de1972lambda,
  title={Lambda {C}alculus Notation with Nameless Dummies},
  author={de Bruijn, Nicolaas Govert},
  booktitle={Indagationes Mathematicae},
  volume={75},
  number={5},
  pages={381--392},
  year={1972},
  organization={Elsevier}
}
@book{church1941calculi,
  title={The calculi of lambda-conversion},
  series={Annals of Mathematics Studies},
  author={Church, Alonzo},
  number={6},
  year={1941},
  publisher={Princeton University Press}
}
