@article{MANUAL:journals/math/debruijn72,
  author =       {de Bruijn, Nicolaas Govert},
  title =        {Lambda calculus notation with nameless dummies, a
                  tool for automatic formula manipulation, with
                  application to the {C}hurch-{R}osser theorem},
  journal =      {Indagationes Mathematicae (Proceedings)},
  volume =       75,
  number =       5,
  pages =        {381-392},
  year =         1972,
  issn =         {1385-7258},
  doi =          {10.1016/1385-7258(72)90034-0},
}
@inproceedings{DBLP:conf/popl/McBride08,
  author       = {Conor McBride},
  editor       = {George C. Necula and
                  Philip Wadler},
  title        = {Clowns to the left of me, jokers to the right (pearl): dissecting
                  data structures},
  booktitle    = {Proceedings of the 35th {ACM} {SIGPLAN-SIGACT} Symposium on Principles
                  of Programming Languages, {POPL} 2008, San Francisco, California,
                  USA, January 7-12, 2008},
  pages        = {287--295},
  publisher    = {{ACM}},
  year         = {2008},
  url          = {https://doi.org/10.1145/1328438.1328474},
  doi          = {10.1145/1328438.1328474},
  timestamp    = {Fri, 25 Jun 2021 14:48:54 +0200},
  biburl       = {https://dblp.org/rec/conf/popl/McBride08.bib},
  bibsource    = {dblp computer science bibliography, https://dblp.org}
}
@inproceedings{DBLP:conf/haskell/KiselyovSS13,
  author       = {Oleg Kiselyov and
                  Amr Sabry and
                  Cameron Swords},
  editor       = {Chung{-}chieh Shan},
  title        = {Extensible effects: an alternative to monad transformers},
  booktitle    = {Proceedings of the 2013 {ACM} {SIGPLAN} Symposium on Haskell, Boston,
                  MA, USA, September 23-24, 2013},
  pages        = {59--70},
  publisher    = {{ACM}},
  year         = {2013},
  url          = {https://doi.org/10.1145/2503778.2503791},
  doi          = {10.1145/2503778.2503791},
  timestamp    = {Thu, 24 Jun 2021 16:19:29 +0200},
  biburl       = {https://dblp.org/rec/conf/haskell/KiselyovSS13.bib},
  bibsource    = {dblp computer science bibliography, https://dblp.org}
}
@inproceedings{DBLP:conf/birthday/McBride16,
  author    = {Conor McBride},
  editor    = {Sam Lindley and
               Conor McBride and
               Philip W. Trinder and
               Donald Sannella},
  title     = {I Got Plenty o' Nuttin'},
  booktitle = {A List of Successes That Can Change the World - Essays Dedicated to
               Philip Wadler on the Occasion of His 60th Birthday},
  series    = {Lecture Notes in Computer Science},
  volume    = {9600},
  pages     = {207--233},
  publisher = {Springer},
  year      = {2016},
  doi       = {10.1007/978-3-319-30936-1\_12},
  timestamp = {Tue, 14 May 2019 10:00:52 +0200},
  biburl    = {https://dblp.org/rec/conf/birthday/McBride16.bib},
  bibsource = {dblp computer science bibliography, https://dblp.org}
}
@article{DBLP:journals/aghcs/Brady17,
  author       = {Edwin C. Brady},
  title        = {Type-driven Development of Concurrent Communicating Systems},
  journal      = {Comput. Sci.},
  volume       = {18},
  number       = {3},
  year         = {2017},
  url          = {https://doi.org/10.7494/csci.2017.18.3.1413},
  doi          = {10.7494/CSCI.2017.18.3.1413},
  timestamp    = {Thu, 16 Jul 2020 16:39:38 +0200},
  biburl       = {https://dblp.org/rec/journals/aghcs/Brady17.bib},
  bibsource    = {dblp computer science bibliography, https://dblp.org}
}
@inproceedings{DBLP:conf/lics/Atkey18,
  author    = {Robert Atkey},
  editor    = {Anuj Dawar and
               Erich Gr{\"{a}}del},
  title     = {Syntax and Semantics of Quantitative Type Theory},
  booktitle = {Proceedings of the 33rd Annual {ACM/IEEE} Symposium on Logic in Computer
               Science, {LICS} 2018, Oxford, UK, July 09-12, 2018},
  pages     = {56--65},
  publisher = {{ACM}},
  year      = {2018},
  doi       = {10.1145/3209108.3209189},
  timestamp = {Wed, 21 Nov 2018 12:44:18 +0100},
  biburl    = {https://dblp.org/rec/conf/lics/Atkey18.bib},
  bibsource = {dblp computer science bibliography, https://dblp.org}
}
@inproceedings{DBLP:conf/ecoop/Brady21,
  author       = {Edwin C. Brady},
  editor       = {Anders M{\o}ller and
                  Manu Sridharan},
  title        = {Idris 2: Quantitative Type Theory in Practice},
  booktitle    = {35th European Conference on Object-Oriented Programming, {ECOOP} 2021,
                  July 11-17, 2021, Aarhus, Denmark (Virtual Conference)},
  series       = {LIPIcs},
  volume       = {194},
  pages        = {9:1--9:26},
  publisher    = {Schloss Dagstuhl - Leibniz-Zentrum f{\"{u}}r Informatik},
  year         = {2021},
  url          = {https://doi.org/10.4230/LIPIcs.ECOOP.2021.9},
  doi          = {10.4230/LIPICS.ECOOP.2021.9},
  timestamp    = {Wed, 21 Aug 2024 22:46:00 +0200},
  biburl       = {https://dblp.org/rec/conf/ecoop/Brady21.bib},
  bibsource    = {dblp computer science bibliography, https://dblp.org}
}
@inproceedings{DBLP:conf/esop/MarshallVO22,
  author       = {Danielle Marshall and
                  Michael Vollmer and
                  Dominic Orchard},
  editor       = {Ilya Sergey},
  title        = {Linearity and Uniqueness: An Entente Cordiale},
  booktitle    = {Programming Languages and Systems - 31st European Symposium on Programming,
                  {ESOP} 2022, Held as Part of the European Joint Conferences on Theory
                  and Practice of Software, {ETAPS} 2022, Munich, Germany, April 2-7,
                  2022, Proceedings},
  series       = {Lecture Notes in Computer Science},
  volume       = {13240},
  pages        = {346--375},
  publisher    = {Springer},
  year         = {2022},
  url          = {https://doi.org/10.1007/978-3-030-99336-8\_13},
  doi          = {10.1007/978-3-030-99336-8\_13},
  timestamp    = {Mon, 16 Sep 2024 07:46:49 +0200},
  biburl       = {https://dblp.org/rec/conf/esop/MarshallVO22.bib},
  bibsource    = {dblp computer science bibliography, https://dblp.org}
}
