@article{DBLP:journals/pacmpl/Kovacs22,
  author       = {Andr{\'{a}}s Kov{\'{a}}cs},
  title        = {Staged compilation with two-level type theory},
  journal      = {Proc. {ACM} Program. Lang.},
  volume       = {6},
  number       = {{ICFP}},
  pages        = {540--569},
  year         = {2022},
  url          = {https://doi.org/10.1145/3547641},
  doi          = {10.1145/3547641},
  timestamp    = {Mon, 28 Aug 2023 21:30:21 +0200},
  biburl       = {https://dblp.org/rec/journals/pacmpl/Kovacs22.bib},
  bibsource    = {dblp computer science bibliography, https://dblp.org}
}

@inproceedings{DBLP:conf/cpp/Allais0MM17,
  author       = {Guillaume Allais and
                  James Chapman and
                  Conor McBride and
                  James McKinna},
  editor       = {Yves Bertot and
                  Viktor Vafeiadis},
  title        = {Type-and-scope safe programs and their proofs},
  booktitle    = {Proceedings of the 6th {ACM} {SIGPLAN} Conference on Certified Programs
                  and Proofs, {CPP} 2017, Paris, France, January 16-17, 2017},
  pages        = {195--207},
  publisher    = {{ACM}},
  year         = {2017},
  url          = {https://doi.org/10.1145/3018610.3018613},
  doi          = {10.1145/3018610.3018613},
  timestamp    = {Fri, 27 Dec 2019 21:24:10 +0100},
  biburl       = {https://dblp.org/rec/conf/cpp/Allais0MM17.bib},
  bibsource    = {dblp computer science bibliography, https://dblp.org}
}

@article{DBLP:journals/lisp/Coquand02,
  author       = {Catarina Coquand},
  title        = {A Formalised Proof of the Soundness and Completeness of a Simply Typed
                  Lambda-Calculus with Explicit Substitutions},
  journal      = {High. Order Symb. Comput.},
  volume       = {15},
  number       = {1},
  pages        = {57--90},
  year         = {2002},
  url          = {https://doi.org/10.1023/A:1019964114625},
  doi          = {10.1023/A:1019964114625},
  timestamp    = {Thu, 05 Mar 2020 12:04:59 +0100},
  biburl       = {https://dblp.org/rec/journals/lisp/Coquand02.bib},
  bibsource    = {dblp computer science bibliography, https://dblp.org}
}
@inproceedings{DBLP:conf/afp/Norell08,
  author       = {Ulf Norell},
  editor       = {Pieter W. M. Koopman and
                  Rinus Plasmeijer and
                  S. Doaitse Swierstra},
  title        = {Dependently Typed Programming in Agda},
  booktitle    = {Advanced Functional Programming, 6th International School, {AFP} 2008,
                  Heijen, The Netherlands, May 2008, Revised Lectures},
  series       = {Lecture Notes in Computer Science},
  volume       = {5832},
  pages        = {230--266},
  publisher    = {Springer},
  year         = {2008},
  url          = {https://doi.org/10.1007/978-3-642-04652-0\_5},
  doi          = {10.1007/978-3-642-04652-0\_5},
  timestamp    = {Tue, 14 May 2019 10:00:44 +0200},
  biburl       = {https://dblp.org/rec/conf/afp/Norell08.bib},
  bibsource    = {dblp computer science bibliography, https://dblp.org}
}
