@article{CoqDybSK,
  title={Intuitionistic model constructions and normalization proofs},
  author={Coquand, Thierry and Dybjer, Peter},
  journal={Mathematical Structures in Computer Science},
  volume={7},
  number={01},
  pages={75--94},
  year={1997},
  publisher={Cambridge Univ Press}
}
