@inproceedings{DBLP:conf/pldi/VollmerKRS0N19,
  author    = {Michael Vollmer and
               Chaitanya Koparkar and
               Mike Rainey and
               Laith Sakka and
               Milind Kulkarni and
               Ryan R. Newton},
  editor    = {Kathryn S. McKinley and
               Kathleen Fisher},
  title     = {{LoCal}: a language for programs operating on serialized data},
  year      = {2019},
  booktitle = {Proceedings of the 40th {ACM} {SIGPLAN} Conference on Programming
               Language Design and Implementation, {PLDI} 2019, Phoenix, AZ, USA,
               June 22-26, 2019},
  pages     = {48--62},
  publisher = {{ACM}},
  doi       = {10.1145/3314221.3314631},
  timestamp = {Fri, 06 Mar 2020 09:49:18 +0100},
  biburl    = {https://dblp.org/rec/conf/pldi/VollmerKRS0N19.bib},
  bibsource = {dblp computer science bibliography, https://dblp.org}
}
@article{DBLP:journals/jfp/McBrideM04,
  author    = {Conor McBride and
               James McKinna},
  title     = {The view from the left},
  journal   = {J. Funct. Program.},
  volume    = {14},
  number    = {1},
  pages     = {69--111},
  year      = {2004},
  doi       = {10.1017/S0956796803004829},
  timestamp = {Wed, 14 Nov 2018 10:38:39 +0100},
  biburl    = {https://dblp.org/rec/journals/jfp/McBrideM04.bib},
  bibsource = {dblp computer science bibliography, https://dblp.org}
}
@inproceedings{DBLP:conf/popl/Wadler87,
  author    = {Philip Wadler},
  title     = {Views: {A} Way for Pattern Matching to Cohabit with Data Abstraction},
  booktitle = {Conference Record of the Fourteenth Annual {ACM} Symposium on Principles
               of Programming Languages, Munich, Germany, January 21-23, 1987},
  pages     = {307--313},
  publisher = {{ACM} Press},
  year      = {1987},
  doi       = {10.1145/41625.41653},
  timestamp = {Tue, 06 Nov 2018 11:07:43 +0100},
  biburl    = {https://dblp.org/rec/conf/popl/Wadler87.bib},
  bibsource = {dblp computer science bibliography, https://dblp.org}
}
@article{DBLP:journals/jfp/McbrideP08,
  author    = {Conor McBride and
               Ross Paterson},
  title     = {Applicative programming with effects},
  journal   = {J. Funct. Program.},
  volume    = {18},
  number    = {1},
  pages     = {1--13},
  year      = {2008},
  url       = {https://doi.org/10.1017/S0956796807006326},
  doi       = {10.1017/S0956796807006326},
  timestamp = {Fri, 02 Nov 2018 09:31:48 +0100},
  biburl    = {https://dblp.org/rec/journals/jfp/McbrideP08.bib},
  bibsource = {dblp computer science bibliography, https://dblp.org}
}

@inproceedings{DBLP:conf/ecoop/Brady21,
  author    = {Edwin C. Brady},
  editor    = {Anders M{\o}ller and
               Manu Sridharan},
  title     = {Idris 2: Quantitative Type Theory in Practice},
  booktitle = {35th European Conference on Object-Oriented Programming, {ECOOP} 2021,
               July 11-17, 2021, Aarhus, Denmark (Virtual Conference)},
  series    = {LIPIcs},
  volume    = {194},
  pages     = {9:1--9:26},
  publisher = {Schloss Dagstuhl - Leibniz-Zentrum f{\"{u}}r Informatik},
  year      = {2021},
  doi       = {10.4230/LIPIcs.ECOOP.2021.9},
  timestamp = {Sun, 25 Jul 2021 11:47:10 +0200},
  biburl    = {https://dblp.org/rec/conf/ecoop/Brady21.bib},
  bibsource = {dblp computer science bibliography, https://dblp.org}
}

@inproceedings{DBLP:conf/lics/Atkey18,
  author    = {Robert Atkey},
  editor    = {Anuj Dawar and
               Erich Gr{\"{a}}del},
  title     = {Syntax and Semantics of Quantitative Type Theory},
  booktitle = {Proceedings of the 33rd Annual {ACM/IEEE} Symposium on Logic in Computer
               Science, {LICS} 2018, Oxford, UK, July 09-12, 2018},
  pages     = {56--65},
  publisher = {{ACM}},
  year      = {2018},
  doi       = {10.1145/3209108.3209189},
  timestamp = {Wed, 21 Nov 2018 12:44:18 +0100},
  biburl    = {https://dblp.org/rec/conf/lics/Atkey18.bib},
  bibsource = {dblp computer science bibliography, https://dblp.org}
}

@inproceedings{DBLP:conf/birthday/McBride16,
  author    = {Conor McBride},
  editor    = {Sam Lindley and
               Conor McBride and
               Philip W. Trinder and
               Donald Sannella},
  title     = {I Got Plenty o' Nuttin'},
  booktitle = {A List of Successes That Can Change the World - Essays Dedicated to
               Philip Wadler on the Occasion of His 60th Birthday},
  series    = {Lecture Notes in Computer Science},
  volume    = {9600},
  pages     = {207--233},
  publisher = {Springer},
  year      = {2016},
  doi       = {10.1007/978-3-319-30936-1\_12},
  timestamp = {Tue, 14 May 2019 10:00:52 +0200},
  biburl    = {https://dblp.org/rec/conf/birthday/McBride16.bib},
  bibsource = {dblp computer science bibliography, https://dblp.org}
}
