@article{MANUAL:journals/math/debruijn72,
author = {de Bruijn, Nicolaas Govert},
title = {Lambda calculus notation with nameless dummies, a tool for automatic formula manipulation, with application to the {C}hurch-{R}osser theorem},
journal = {Indagationes Mathematicae (Proceedings)},
volume = {75},
number = {5},
pages = {381-392},
year = {1972},
issn = {1385-7258},
doi = {https://doi.org/10.1016/1385-7258(72)90034-0},
url = {https://www.sciencedirect.com/science/article/pii/1385725872900340},
}

@article{DBLP:journals/fac/Dybjer94,
  author    = {Peter Dybjer},
  title     = {Inductive Families},
  journal   = {Formal Aspects Comput.},
  volume    = {6},
  number    = {4},
  pages     = {440--465},
  year      = {1994},
  url       = {https://doi.org/10.1007/BF01211308},
  doi       = {10.1007/BF01211308},
  timestamp = {Mon, 09 May 2022 16:20:12 +0200},
  biburl    = {https://dblp.org/rec/journals/fac/Dybjer94.bib},
  bibsource = {dblp computer science bibliography, https://dblp.org}
}

@inproceedings{DBLP:conf/types/CornesT95,
  author    = {Cristina Cornes and
               Delphine Terrasse},
  editor    = {Stefano Berardi and
               Mario Coppo},
  title     = {Automating Inversion of Inductive Predicates in Coq},
  booktitle = {Types for Proofs and Programs, International Workshop TYPES'95, Torino,
               Italy, June 5-8, 1995, Selected Papers},
  series    = {Lecture Notes in Computer Science},
  volume    = {1158},
  pages     = {85--104},
  publisher = {Springer},
  year      = {1995},
  url       = {https://doi.org/10.1007/3-540-61780-9\_64},
  doi       = {10.1007/3-540-61780-9\_64},
  timestamp = {Tue, 14 May 2019 10:00:42 +0200},
  biburl    = {https://dblp.org/rec/conf/types/CornesT95.bib},
  bibsource = {dblp computer science bibliography, https://dblp.org}
}

@inproceedings{DBLP:conf/types/BradyMM03,
  author    = {Edwin C. Brady and
               Conor McBride and
               James McKinna},
  editor    = {Stefano Berardi and
               Mario Coppo and
               Ferruccio Damiani},
  title     = {Inductive Families Need Not Store Their Indices},
  booktitle = {Types for Proofs and Programs, International Workshop, {TYPES} 2003,
               Torino, Italy, April 30 - May 4, 2003, Revised Selected Papers},
  series    = {Lecture Notes in Computer Science},
  volume    = {3085},
  pages     = {115--129},
  publisher = {Springer},
  year      = {2003},
  url       = {https://doi.org/10.1007/978-3-540-24849-1\_8},
  doi       = {10.1007/978-3-540-24849-1\_8},
  timestamp = {Sun, 21 Jun 2020 17:42:40 +0200},
  biburl    = {https://dblp.org/rec/conf/types/BradyMM03.bib},
  bibsource = {dblp computer science bibliography, https://dblp.org}
}

@article{DBLP:journals/jfp/McBrideM04,
  author    = {Conor McBride and
               James McKinna},
  title     = {The view from the left},
  journal   = {J. Funct. Program.},
  volume    = {14},
  number    = {1},
  pages     = {69--111},
  year      = {2004},
  url       = {https://doi.org/10.1017/S0956796803004829},
  doi       = {10.1017/S0956796803004829},
  timestamp = {Wed, 14 Nov 2018 10:38:39 +0100},
  biburl    = {https://dblp.org/rec/journals/jfp/McBrideM04.bib},
  bibsource = {dblp computer science bibliography, https://dblp.org}
}

@inproceedings{DBLP:conf/sfp/BradyMH07,
  author    = {Edwin C. Brady and
               James McKinna and
               Kevin Hammond},
  editor    = {Marco T. Moraz{\'{a}}n},
  title     = {Constructing Correct Circuits: Verification of Functional Aspects
               of Hardware Specifications with Dependent Types},
  booktitle = {Proceedings of the Eighth Symposium on Trends in Functional Programming,
               {TFP} 2007, New York City, New York, USA, April 2-4. 2007},
  series    = {Trends in Functional Programming},
  volume    = {8},
  pages     = {159--176},
  publisher = {Intellect},
  year      = {2007},
  timestamp = {Sun, 21 Jun 2020 17:42:38 +0200},
  biburl    = {https://dblp.org/rec/conf/sfp/BradyMH07.bib},
  bibsource = {dblp computer science bibliography, https://dblp.org}
}

@inproceedings{DBLP:conf/plpv/AltenkirchMS07,
  author    = {Thorsten Altenkirch and
               Conor McBride and
               Wouter Swierstra},
  editor    = {Aaron Stump and
               Hongwei Xi},
  title     = {Observational equality, now!},
  booktitle = {Proceedings of the {ACM} Workshop Programming Languages meets Program
               Verification, {PLPV} 2007, Freiburg, Germany, October 5, 2007},
  pages     = {57--68},
  publisher = {{ACM}},
  year      = {2007},
  url       = {https://doi.org/10.1145/1292597.1292608},
  doi       = {10.1145/1292597.1292608},
  timestamp = {Mon, 12 Jul 2021 15:34:15 +0200},
  biburl    = {https://dblp.org/rec/conf/plpv/AltenkirchMS07.bib},
  bibsource = {dblp computer science bibliography, https://dblp.org}
}

@phdthesis{MANUAL:phd/nott/Chapman09,
  month = {July},
  title = {Type checking and normalisation},
  author = {James Maitland Chapman},
  year = {2009},
  url = {http://eprints.nottingham.ac.uk/10824/},
  school = {University of Nottingham},
}


@inproceedings{DBLP:conf/itp/Sozeau10,
  author    = {Matthieu Sozeau},
  editor    = {Matt Kaufmann and
               Lawrence C. Paulson},
  title     = {Equations: {A} Dependent Pattern-Matching Compiler},
  booktitle = {Interactive Theorem Proving, First International Conference, {ITP}
               2010, Edinburgh, UK, July 11-14, 2010. Proceedings},
  series    = {Lecture Notes in Computer Science},
  volume    = {6172},
  pages     = {419--434},
  publisher = {Springer},
  year      = {2010},
  url       = {https://doi.org/10.1007/978-3-642-14052-5\_29},
  doi       = {10.1007/978-3-642-14052-5\_29},
  timestamp = {Tue, 14 May 2019 10:00:37 +0200},
  biburl    = {https://dblp.org/rec/conf/itp/Sozeau10.bib},
  bibsource = {dblp computer science bibliography, https://dblp.org}
}

@inproceedings{DBLP:conf/birthday/McBride16,
  author    = {Conor McBride},
  editor    = {Sam Lindley and
               Conor McBride and
               Philip W. Trinder and
               Donald Sannella},
  title     = {I Got Plenty o' Nuttin'},
  booktitle = {A List of Successes That Can Change the World - Essays Dedicated to
               Philip Wadler on the Occasion of His 60th Birthday},
  series    = {Lecture Notes in Computer Science},
  volume    = {9600},
  pages     = {207--233},
  publisher = {Springer},
  year      = {2016},
  url       = {https://doi.org/10.1007/978-3-319-30936-1\_12},
  doi       = {10.1007/978-3-319-30936-1\_12},
  timestamp = {Tue, 14 May 2019 10:00:52 +0200},
  biburl    = {https://dblp.org/rec/conf/birthday/McBride16.bib},
  bibsource = {dblp computer science bibliography, https://dblp.org}
}

@inproceedings{DBLP:journals/corr/abs-1807-04085,
  author    = {Conor McBride},
  editor    = {Robert Atkey and
               Sam Lindley},
  title     = {Everybody's Got To Be Somewhere},
  booktitle = {Proceedings of the 7th Workshop on Mathematically Structured Functional
               Programming, MSFP@FSCD 2018, Oxford, UK, 8th July 2018},
  series    = {{EPTCS}},
  volume    = {275},
  pages     = {53--69},
  year      = {2018},
  url       = {https://doi.org/10.4204/EPTCS.275.6},
  doi       = {10.4204/EPTCS.275.6},
  timestamp = {Mon, 10 Sep 2018 16:20:34 +0200},
  biburl    = {https://dblp.org/rec/journals/corr/abs-1807-04085.bib},
  bibsource = {dblp computer science bibliography, https://dblp.org}
}

@inproceedings{DBLP:conf/lics/Atkey18,
  author    = {Robert Atkey},
  editor    = {Anuj Dawar and
               Erich Gr{\"{a}}del},
  title     = {Syntax and Semantics of Quantitative Type Theory},
  booktitle = {Proceedings of the 33rd Annual {ACM/IEEE} Symposium on Logic in Computer
               Science, {LICS} 2018, Oxford, UK, July 09-12, 2018},
  pages     = {56--65},
  publisher = {{ACM}},
  year      = {2018},
  url       = {https://doi.org/10.1145/3209108.3209189},
  doi       = {10.1145/3209108.3209189},
  timestamp = {Wed, 21 Nov 2018 12:44:18 +0100},
  biburl    = {https://dblp.org/rec/conf/lics/Atkey18.bib},
  bibsource = {dblp computer science bibliography, https://dblp.org}
}

@article{DBLP:journals/pacmpl/SozeauM19,
  author    = {Matthieu Sozeau and
               Cyprien Mangin},
  title     = {Equations reloaded: high-level dependently-typed functional programming
               and proving in Coq},
  journal   = {Proc. {ACM} Program. Lang.},
  volume    = {3},
  number    = {{ICFP}},
  pages     = {86:1--86:29},
  year      = {2019},
  url       = {https://doi.org/10.1145/3341690},
  doi       = {10.1145/3341690},
  timestamp = {Wed, 17 Feb 2021 08:54:04 +0100},
  biburl    = {https://dblp.org/rec/journals/pacmpl/SozeauM19.bib},
  bibsource = {dblp computer science bibliography, https://dblp.org}
}

@article{DBLP:journals/pacmpl/Tejiscak20,
  author    = {Matúš Tejiščák},
  title     = {A dependently typed calculus with pattern matching and erasure inference},
  journal   = {Proc. {ACM} Program. Lang.},
  volume    = {4},
  number    = {{ICFP}},
  pages     = {91:1--91:29},
  year      = {2020},
  url       = {https://doi.org/10.1145/3408973},
  doi       = {10.1145/3408973},
  timestamp = {Wed, 17 Feb 2021 08:53:57 +0100},
  biburl    = {https://dblp.org/rec/journals/pacmpl/Tejiscak20.bib},
  bibsource = {dblp computer science bibliography, https://dblp.org}
}

@article{DBLP:journals/pacmpl/CockxTW21,
  author    = {Jesper Cockx and
               Nicolas Tabareau and
               Th{\'{e}}o Winterhalter},
  title     = {The taming of the rew: a type theory with computational assumptions},
  journal   = {Proc. {ACM} Program. Lang.},
  volume    = {5},
  number    = {{POPL}},
  pages     = {1--29},
  year      = {2021},
  url       = {https://doi.org/10.1145/3434341},
  doi       = {10.1145/3434341},
  timestamp = {Wed, 17 Feb 2021 08:54:08 +0100},
  biburl    = {https://dblp.org/rec/journals/pacmpl/CockxTW21.bib},
  bibsource = {dblp computer science bibliography, https://dblp.org}
}

@inproceedings{DBLP:conf/ecoop/Brady21,
  author    = {Edwin C. Brady},
  editor    = {Anders M{\o}ller and
               Manu Sridharan},
  title     = {Idris 2: Quantitative Type Theory in Practice},
  booktitle = {35th European Conference on Object-Oriented Programming, {ECOOP} 2021,
               July 11-17, 2021, Aarhus, Denmark (Virtual Conference)},
  series    = {LIPIcs},
  volume    = {194},
  pages     = {9:1--9:26},
  publisher = {Schloss Dagstuhl - Leibniz-Zentrum f{\"{u}}r Informatik},
  year      = {2021},
  url       = {https://doi.org/10.4230/LIPIcs.ECOOP.2021.9},
  doi       = {10.4230/LIPIcs.ECOOP.2021.9},
  timestamp = {Sun, 25 Jul 2021 11:47:10 +0200},
  biburl    = {https://dblp.org/rec/conf/ecoop/Brady21.bib},
  bibsource = {dblp computer science bibliography, https://dblp.org}
}

@inproceedings{MANUAL:talk/types/Allais22,
  author = {Guillaume Allais
           and Malin Altenmüller
           and Conor McBride
           and Georgi Nakov
           and Fredrik Nordvall Forsberg
           and Craig Roy},
  title = {{TypOS}: An Operating System for Typechecking Actors},
  booktitle = {28th International Conference on Types for Proofs and Programs, {TYPES} 2022,
               June 20-25, 2022, Nantes, France},
  year = {2022},
}

@manual{Coq:manual,
  author      = {{Coq} {Development} {Team}, The},
  title       = {The {Coq} Proof Assistant Reference Manual, version 8.15.2},
  month       = May,
  year        = {2022},
  url         = {http://coq.inria.fr}
}
