@inproceedings{DBLP:conf/esop/Allais23,
  author       = {Guillaume Allais},
  editor       = {Thomas Wies},
  title        = {Builtin Types Viewed as Inductive Families},
  booktitle    = {Programming Languages and Systems - 32nd European Symposium on Programming,
                  {ESOP} 2023, Held as Part of the European Joint Conferences on Theory
                  and Practice of Software, {ETAPS} 2023, Paris, France, April 22-27,
                  2023, Proceedings},
  series       = {Lecture Notes in Computer Science},
  volume       = {13990},
  pages        = {113--139},
  publisher    = {Springer},
  year         = {2023},
  url          = {https://doi.org/10.1007/978-3-031-30044-8\_5},
  doi          = {10.1007/978-3-031-30044-8\_5},
  timestamp    = {Sat, 13 May 2023 01:07:18 +0200},
  biburl       = {https://dblp.org/rec/conf/esop/Allais23.bib},
  bibsource    = {dblp computer science bibliography, https://dblp.org}
}
@book{MANUAL:book/larmouth1999,
author = {Larmouth, John},
title = {ASN.1 Complete},
year = {1999},
isbn = {0122334353},
publisher = {Morgan Kaufmann Publishers Inc.},
address = {San Francisco, CA, USA}
}
@inproceedings{DBLP:conf/icfp/Monnier19,
  author       = {Stefan Monnier},
  editor       = {David Darais and
                  Jeremy Gibbons},
  title        = {Inductive types deconstructed: the calculus of united constructions},
  booktitle    = {Proceedings of the 4th {ACM} {SIGPLAN} International Workshop on Type-Driven
                  Development, TyDe@ICFP 2019, Berlin, Germany, August 18, 2019},
  pages        = {52--63},
  publisher    = {{ACM}},
  year         = {2019},
  url          = {https://doi.org/10.1145/3331554.3342607},
  doi          = {10.1145/3331554.3342607},
  timestamp    = {Mon, 12 Jul 2021 15:34:15 +0200},
  biburl       = {https://dblp.org/rec/conf/icfp/Monnier19.bib},
  bibsource    = {dblp computer science bibliography, https://dblp.org}
}

@article{DBLP:journals/pacmpl/Kovacs22,
  author       = {Andr{\'{a}}s Kov{\'{a}}cs},
  title        = {Staged compilation with two-level type theory},
  journal      = {Proc. {ACM} Program. Lang.},
  volume       = {6},
  number       = {{ICFP}},
  pages        = {540--569},
  year         = {2022},
  url          = {https://doi.org/10.1145/3547641},
  doi          = {10.1145/3547641},
  timestamp    = {Tue, 18 Oct 2022 22:18:46 +0200},
  biburl       = {https://dblp.org/rec/journals/pacmpl/Kovacs22.bib},
  bibsource    = {dblp computer science bibliography, https://dblp.org}
}

@inproceedings{DBLP:conf/ssdgp/Gibbons06,
  author       = {Jeremy Gibbons},
  editor       = {Roland Carl Backhouse and
                  Jeremy Gibbons and
                  Ralf Hinze and
                  Johan Jeuring},
  title        = {Datatype-Generic Programming},
  booktitle    = {Datatype-Generic Programming - International Spring School, {SSDGP}
                  2006, Nottingham, UK, April 24-27, 2006, Revised Lectures},
  series       = {Lecture Notes in Computer Science},
  volume       = {4719},
  pages        = {1--71},
  publisher    = {Springer},
  year         = {2006},
  url          = {https://doi.org/10.1007/978-3-540-76786-2\_1},
  doi          = {10.1007/978-3-540-76786-2\_1},
  timestamp    = {Tue, 14 May 2019 10:00:50 +0200},
  biburl       = {https://dblp.org/rec/conf/ssdgp/Gibbons06.bib},
  bibsource    = {dblp computer science bibliography, https://dblp.org}
}

@inproceedings{DBLP:conf/tphol/PfeiferR99,
  author       = {Holger Pfeifer and
                  Harald Rue{\ss}},
  editor       = {Yves Bertot and
                  Gilles Dowek and
                  Andr{\'{e}} Hirschowitz and
                  Christine Paulin{-}Mohring and
                  Laurent Th{\'{e}}ry},
  title        = {Polytypic Proof Construction},
  booktitle    = {Theorem Proving in Higher Order Logics, 12th International Conference,
                  TPHOLs'99, Nice, France, September, 1999, Proceedings},
  series       = {Lecture Notes in Computer Science},
  volume       = {1690},
  pages        = {55--72},
  publisher    = {Springer},
  year         = {1999},
  url          = {https://doi.org/10.1007/3-540-48256-3\_5},
  doi          = {10.1007/3-540-48256-3\_5},
  timestamp    = {Tue, 14 May 2019 10:00:48 +0200},
  biburl       = {https://dblp.org/rec/conf/tphol/PfeiferR99.bib},
  bibsource    = {dblp computer science bibliography, https://dblp.org}
}

@inproceedings{DBLP:conf/icfp/LohM11,
  author       = {Andres L{\"{o}}h and
                  Jos{\'{e}} Pedro Magalh{\~{a}}es},
  editor       = {Jaakko J{\"{a}}rvi and
                  Shin{-}Cheng Mu},
  title        = {Generic programming with indexed functors},
  booktitle    = {Proceedings of the seventh {ACM} {SIGPLAN} workshop on Generic programming,
                  WGP@ICFP 2011, Tokyo, Japan, September 19-21, 2011},
  pages        = {1--12},
  publisher    = {{ACM}},
  year         = {2011},
  url          = {https://doi.org/10.1145/2036918.2036920},
  doi          = {10.1145/2036918.2036920},
  timestamp    = {Sun, 25 Oct 2020 22:40:38 +0100},
  biburl       = {https://dblp.org/rec/conf/icfp/LohM11.bib},
  bibsource    = {dblp computer science bibliography, https://dblp.org}
}

@article{benke-ugpp,
 author = {Benke, Marcin and Dybjer, Peter and Jansson, Patrik},
 title = {Universes for Generic Programs and Proofs in Dependent Type Theory},
 journal = {Nordic J. of Computing},
 issue_date = {December 2003},
 volume = {10},
 number = {4},
 month = dec,
 year = {2003},
 issn = {1236-6064},
 pages = {265--289},
 numpages = {25},
 url = {http://dl.acm.org/citation.cfm?id=985799.985801},
 acmid = {985801},
 publisher = {Publishing Association Nordic Journal of Computing},
 OPTaddress = {Finland},
 keywords = {algebraic specifications, dependent types, generic programming, inductive definitions, martin-L\"{o}f type theory, polytypic programming},
}
@inproceedings{DBLP:conf/ctcs/Hagino87,
  author       = {Tatsuya Hagino},
  editor       = {David H. Pitt and
                  Axel Poign{\'{e}} and
                  David E. Rydeheard},
  title        = {A Typed Lambda Calculus with Categorical Type Constructors},
  booktitle    = {Category Theory and Computer Science, Edinburgh, UK, September 7-9,
                  1987, Proceedings},
  series       = {Lecture Notes in Computer Science},
  volume       = {283},
  pages        = {140--157},
  publisher    = {Springer},
  year         = {1987},
  url          = {https://doi.org/10.1007/3-540-18508-9\_24},
  doi          = {10.1007/3-540-18508-9\_24},
  timestamp    = {Tue, 14 May 2019 10:00:48 +0200},
  biburl       = {https://dblp.org/rec/conf/ctcs/Hagino87.bib},
  bibsource    = {dblp computer science bibliography, https://dblp.org}
}
@article{DBLP:journals/scp/Malcolm90,
  author       = {Grant Malcolm},
  title        = {Data Structures and Program Transformation},
  journal      = {Sci. Comput. Program.},
  volume       = {14},
  number       = {2-3},
  pages        = {255--279},
  year         = {1990},
  url          = {https://doi.org/10.1016/0167-6423(90)90023-7},
  doi          = {10.1016/0167-6423(90)90023-7},
  timestamp    = {Wed, 17 Feb 2021 21:55:42 +0100},
  biburl       = {https://dblp.org/rec/journals/scp/Malcolm90.bib},
  bibsource    = {dblp computer science bibliography, https://dblp.org}
}

@article{DBLP:journals/fac/Dybjer94,
  author    = {Peter Dybjer},
  title     = {Inductive Families},
  journal   = {Formal Aspects Comput.},
  volume    = {6},
  number    = {4},
  pages     = {440--465},
  year      = {1994},
  doi       = {10.1007/BF01211308},
  timestamp = {Mon, 09 May 2022 16:20:12 +0200},
  biburl    = {https://dblp.org/rec/journals/fac/Dybjer94.bib},
  bibsource = {dblp computer science bibliography, https://dblp.org}
}
@inproceedings{DBLP:conf/popl/MandelbaumFWFG07,
  author       = {Yitzhak Mandelbaum and
                  Kathleen Fisher and
                  David Walker and
                  Mary F. Fern{\'{a}}ndez and
                  Artem Gleyzer},
  editor       = {Martin Hofmann and
                  Matthias Felleisen},
  title        = {{PADS/ML:} a functional data description language},
  booktitle    = {Proceedings of the 34th {ACM} {SIGPLAN-SIGACT} Symposium on Principles
                  of Programming Languages, {POPL} 2007, Nice, France, January 17-19,
                  2007},
  pages        = {77--83},
  publisher    = {{ACM}},
  year         = {2007},
  url          = {https://doi.org/10.1145/1190216.1190231},
  doi          = {10.1145/1190216.1190231},
  timestamp    = {Fri, 25 Jun 2021 14:48:54 +0200},
  biburl       = {https://dblp.org/rec/conf/popl/MandelbaumFWFG07.bib},
  bibsource    = {dblp computer science bibliography, https://dblp.org}
}

@phdthesis{DBLP:phd/ethos/Morris07,
  author    = {Peter W. J. Morris},
  title     = {Constructing Universes for Generic Programming},
  school    = {University of Nottingham, {UK}},
  year      = {2007},
  url       = {https://ethos.bl.uk/OrderDetails.do?uin=uk.bl.ethos.519405},
  timestamp = {Tue, 05 Apr 2022 10:59:12 +0200},
  biburl    = {https://dblp.org/rec/phd/ethos/Morris07.bib},
  bibsource = {dblp computer science bibliography, https://dblp.org}
}
@inproceedings{DBLP:conf/popl/McBride08,
  author    = {Conor McBride},
  editor    = {George C. Necula and
               Philip Wadler},
  title     = {Clowns to the left of me, jokers to the right (pearl): dissecting
               data structures},
  booktitle = {Proceedings of the 35th {ACM} {SIGPLAN-SIGACT} Symposium on Principles
               of Programming Languages, {POPL} 2008, San Francisco, California,
               USA, January 7-12, 2008},
  pages     = {287--295},
  publisher = {{ACM}},
  year      = {2008},
  url       = {https://doi.org/10.1145/1328438.1328474},
  doi       = {10.1145/1328438.1328474},
  timestamp = {Fri, 25 Jun 2021 14:48:54 +0200},
  biburl    = {https://dblp.org/rec/conf/popl/McBride08.bib},
  bibsource = {dblp computer science bibliography, https://dblp.org}
}
@inproceedings{DBLP:conf/icfp/CortinasS18,
  author    = {Carlos {Tom{\'{e}} Corti{\~{n}}as} and
               Wouter Swierstra},
  editor    = {Richard A. Eisenberg and
               Niki Vazou},
  title     = {From algebra to abstract machine: a verified generic construction},
  booktitle = {Proceedings of the 3rd {ACM} {SIGPLAN} International Workshop on Type-Driven
               Development, TyDe@ICFP 2018, St. Louis, MO, USA, September 27, 2018},
  pages     = {78--90},
  publisher = {{ACM}},
  year      = {2018},
  url       = {https://doi.org/10.1145/3240719.3241787},
  doi       = {10.1145/3240719.3241787},
  timestamp = {Tue, 11 Dec 2018 18:44:06 +0100},
  biburl    = {https://dblp.org/rec/conf/icfp/CortinasS18.bib},
  bibsource = {dblp computer science bibliography, https://dblp.org}
}
@article{DBLP:journals/pacmpl/KoparkarRVKN21,
  author    = {Chaitanya Koparkar and
               Mike Rainey and
               Michael Vollmer and
               Milind Kulkarni and
               Ryan R. Newton},
  title     = {Efficient tree-traversals: reconciling parallelism and dense data
               representations},
  journal   = {Proc. {ACM} Program. Lang.},
  volume    = {5},
  number    = {{ICFP}},
  pages     = {1--29},
  year      = {2021},
  url       = {https://doi.org/10.1145/3473596},
  doi       = {10.1145/3473596},
  timestamp = {Sat, 08 Jan 2022 02:21:38 +0100},
  biburl    = {https://dblp.org/rec/journals/pacmpl/KoparkarRVKN21.bib},
  bibsource = {dblp computer science bibliography, https://dblp.org}
}
@phdthesis{MANUAL:phd/dublin/Mendel12,
  title={Types and verification for infinite state systems},
  author={Mendel-Gleason, Gavin},
  year={2012},
  school={Dublin City University}
}
@inproceedings{DBLP:conf/ifip2-1/AltenkirchM02,
  author    = {Thorsten Altenkirch and
               Conor McBride},
  editor    = {Jeremy Gibbons and
               Johan Jeuring},
  title     = {Generic Programming within Dependently Typed Programming},
  booktitle = {Generic Programming, {IFIP} {TC2/WG2.1} Working Conference on Generic
               Programming, July 11-12, 2002, Dagstuhl, Germany},
  series    = {{IFIP} Conference Proceedings},
  volume    = {243},
  pages     = {1--20},
  publisher = {Kluwer},
  year      = {2002},
  timestamp = {Wed, 26 Feb 2003 14:25:56 +0100},
  biburl    = {https://dblp.org/rec/conf/ifip2-1/AltenkirchM02.bib},
  bibsource = {dblp computer science bibliography, https://dblp.org}
}
@inproceedings{DBLP:conf/pldi/VollmerKRS0N19,
  author    = {Michael Vollmer and
               Chaitanya Koparkar and
               Mike Rainey and
               Laith Sakka and
               Milind Kulkarni and
               Ryan R. Newton},
  editor    = {Kathryn S. McKinley and
               Kathleen Fisher},
  title     = {{LoCal}: a language for programs operating on serialized data},
  year      = {2019},
  booktitle = {Proceedings of the 40th {ACM} {SIGPLAN} Conference on Programming
               Language Design and Implementation, {PLDI} 2019, Phoenix, AZ, USA,
               June 22-26, 2019},
  pages     = {48--62},
  publisher = {{ACM}},
  doi       = {10.1145/3314221.3314631},
  timestamp = {Fri, 06 Mar 2020 09:49:18 +0100},
  biburl    = {https://dblp.org/rec/conf/pldi/VollmerKRS0N19.bib},
  bibsource = {dblp computer science bibliography, https://dblp.org}
}
@article{DBLP:journals/jfp/McBrideM04,
  author    = {Conor McBride and
               James McKinna},
  title     = {The view from the left},
  journal   = {J. Funct. Program.},
  volume    = {14},
  number    = {1},
  pages     = {69--111},
  year      = {2004},
  doi       = {10.1017/S0956796803004829},
  timestamp = {Wed, 14 Nov 2018 10:38:39 +0100},
  biburl    = {https://dblp.org/rec/journals/jfp/McBrideM04.bib},
  bibsource = {dblp computer science bibliography, https://dblp.org}
}
@inproceedings{DBLP:conf/popl/Wadler87,
  author    = {Philip Wadler},
  title     = {Views: {A} Way for Pattern Matching to Cohabit with Data Abstraction},
  booktitle = {Conference Record of the Fourteenth Annual {ACM} Symposium on Principles
               of Programming Languages, Munich, Germany, January 21-23, 1987},
  pages     = {307--313},
  publisher = {{ACM} Press},
  year      = {1987},
  doi       = {10.1145/41625.41653},
  timestamp = {Tue, 06 Nov 2018 11:07:43 +0100},
  biburl    = {https://dblp.org/rec/conf/popl/Wadler87.bib},
  bibsource = {dblp computer science bibliography, https://dblp.org}
}
@article{DBLP:journals/jfp/McbrideP08,
  author    = {Conor McBride and
               Ross Paterson},
  title     = {Applicative programming with effects},
  journal   = {J. Funct. Program.},
  volume    = {18},
  number    = {1},
  pages     = {1--13},
  year      = {2008},
  url       = {https://doi.org/10.1017/S0956796807006326},
  doi       = {10.1017/S0956796807006326},
  timestamp = {Fri, 02 Nov 2018 09:31:48 +0100},
  biburl    = {https://dblp.org/rec/journals/jfp/McbrideP08.bib},
  bibsource = {dblp computer science bibliography, https://dblp.org}
}

@inproceedings{DBLP:conf/ecoop/Brady21,
  author    = {Edwin C. Brady},
  editor    = {Anders M{\o}ller and
               Manu Sridharan},
  title     = {Idris 2: Quantitative Type Theory in Practice},
  booktitle = {35th European Conference on Object-Oriented Programming, {ECOOP} 2021,
               July 11-17, 2021, Aarhus, Denmark (Virtual Conference)},
  series    = {LIPIcs},
  volume    = {194},
  pages     = {9:1--9:26},
  publisher = {Schloss Dagstuhl - Leibniz-Zentrum f{\"{u}}r Informatik},
  year      = {2021},
  doi       = {10.4230/LIPIcs.ECOOP.2021.9},
  timestamp = {Sun, 25 Jul 2021 11:47:10 +0200},
  biburl    = {https://dblp.org/rec/conf/ecoop/Brady21.bib},
  bibsource = {dblp computer science bibliography, https://dblp.org}
}

@inproceedings{DBLP:conf/lics/Atkey18,
  author    = {Robert Atkey},
  editor    = {Anuj Dawar and
               Erich Gr{\"{a}}del},
  title     = {Syntax and Semantics of Quantitative Type Theory},
  booktitle = {Proceedings of the 33rd Annual {ACM/IEEE} Symposium on Logic in Computer
               Science, {LICS} 2018, Oxford, UK, July 09-12, 2018},
  pages     = {56--65},
  publisher = {{ACM}},
  year      = {2018},
  doi       = {10.1145/3209108.3209189},
  timestamp = {Wed, 21 Nov 2018 12:44:18 +0100},
  biburl    = {https://dblp.org/rec/conf/lics/Atkey18.bib},
  bibsource = {dblp computer science bibliography, https://dblp.org}
}

@inproceedings{DBLP:conf/birthday/McBride16,
  author    = {Conor McBride},
  editor    = {Sam Lindley and
               Conor McBride and
               Philip W. Trinder and
               Donald Sannella},
  title     = {I Got Plenty o' Nuttin'},
  booktitle = {A List of Successes That Can Change the World - Essays Dedicated to
               Philip Wadler on the Occasion of His 60th Birthday},
  series    = {Lecture Notes in Computer Science},
  volume    = {9600},
  pages     = {207--233},
  publisher = {Springer},
  year      = {2016},
  doi       = {10.1007/978-3-319-30936-1\_12},
  timestamp = {Tue, 14 May 2019 10:00:52 +0200},
  biburl    = {https://dblp.org/rec/conf/birthday/McBride16.bib},
  bibsource = {dblp computer science bibliography, https://dblp.org}
}
