@incollection{altenkirch1999monadic,
  title={Monadic presentations of lambda terms using generalized inductive types},
  author={Altenkirch, Thorsten and Reus, Bernhard},
  booktitle={Computer Science Logic},
  pages={453--468},
  year={1999},
  publisher={Springer}
}
@incollection{mcbride2016got,
  title={I Got Plenty o’Nuttin’},
  author={McBride, Conor},
  booktitle={A List of Successes That Can Change the World},
  pages={207--233},
  year={2016},
  publisher={Springer}
}
@PHDTHESIS{krebbers2015thesis,
  title={The C standard formalized in Coq},
  author={Krebbers, Robbert},
  school={Radboud University Nijmegen},
  year={2015}
}
@article{dybjer1994inductive,
  title={Inductive families},
  author={Dybjer, Peter},
  journal={Formal aspects of computing},
  volume={6},
  number={4},
  pages={440--465},
  year={1994},
  publisher={Springer}
}
@inproceedings{debruijn1972lambda,
  title={Lambda Calculus Notation with Nameless Dummies},
  author={De Bruijn, Nicolaas Govert},
  booktitle={Indagationes Mathematicae (Proceedings)},
  volume={75},
  number={5},
  pages={381--392},
  year={1972},
  publisher={Elsevier}
}
@phdthesis{chapman2009thesis,
  title={Type checking and normalisation},
  author={Chapman, James Maitland},
  year={2009},
  school={University of Nottingham}
}
@inproceedings{altenkirch1995categorical,
  title={Categorical reconstruction of a reduction free normalization proof},
  author={Altenkirch, Thorsten and Hofmann, Martin and Streicher, Thomas},
  booktitle={Category Theory and Computer Science},
  pages={182--199},
  year={1995},
  publisher={Springer}
}