@article{girard1987linear,
  title={Linear {L}ogic},
  author={Girard, Jean-Yves},
  journal={Theoretical {C}omputer {S}cience},
  volume={50},
  number={1},
  pages={1--101},
  year={1987},
  publisher={Elsevier}
}

@unpublished{kokkeauto,
  author = {Kokke, Pepijn and Swierstra, Wouter},
  title  = {Auto in {Agda}: programming proof search },
  year   = 2014,
  note   = {Submitted to ICFP 2014.}
}

@article{andreoli1992logic,
  title={Logic {P}rogramming with {F}ocusing {P}roofs in {L}inear {L}ogic},
  author={Andreoli, Jean-Marc},
  journal={Journal of Logic and Computation},
  volume={2},
  number={3},
  pages={297--347},
  year={1992},
  publisher={Oxford Univ. Press}
}

@article{mcbride2003first,
  title={First-order unification by structural recursion},
  author={McBride, Conor},
  journal={Journal of functional programming},
  volume={13},
  number={06},
  pages={1061--1075},
  year={2003},
  publisher={Cambridge Univ Press}
}

@inproceedings{de1972lambda,
  title={Lambda {C}alculus Notation with Nameless Dummies, a Tool for Automatic Formula Manipulation, with application to the {C}hurch-{R}osser theorem},
  author={De Bruijn, Nicolaas Govert},
  booktitle={Indagationes Mathematicae (Proceedings)},
  volume={75},
  number={5},
  pages={381--392},
  year={1972},
  organization={Elsevier}
}

@inproceedings{gill1993short,
  title={A short cut to deforestation},
  author={Gill, Andrew and Launchbury, John and Peyton Jones, Simon L},
  booktitle={Proceedings of the conference on Functional programming languages and computer architecture},
  pages={223--232},
  year={1993},
  organization={ACM}
}

@article{wadler1990deforestation,
  title={Deforestation: Transforming programs to eliminate trees},
  author={Wadler, Philip},
  journal={Theoretical computer science},
  volume={73},
  number={2},
  pages={231--248},
  year={1990},
  publisher={Elsevier}
}